<?xml version="1.0" encoding="UTF-8"?><collection xmlns="http://www.loc.gov/MARC21/slim"><record><leader>00649nam--2200193-i-4500</leader><controlfield tag="001">000016568</controlfield><controlfield tag="002">20161230</controlfield><controlfield tag="005">20161230201031</controlfield><controlfield tag="008">060222s1000------------r-----000-0-rum-d</controlfield><datafield ind1=" " ind2=" " tag="040"><subfield code="a">IFIN-HH</subfield></datafield><datafield ind1=" " ind2=" " tag="041"><subfield code="a">rum</subfield></datafield><datafield ind1=" " ind2=" " tag="080"><subfield code="a">577.3(043)</subfield></datafield><datafield ind1=" " ind2="1" tag="100"><subfield code="a">Turcu, Ioan</subfield></datafield><datafield ind1="1" ind2="0" tag="245"><subfield code="a">Procese ireversibile in sisteme aperiodice condensate si in sisteme biocondensate. stocarea coerenta si transportul nedisipativ al energiei in sisteme macromoleculare cuasiunidimensionale</subfield><subfield code="b">Teza</subfield><subfield code="c">Iona turcu</subfield></datafield><datafield ind1=" " ind2=" " tag="260"><subfield code="a">Bucuresti</subfield><subfield code="b">Ifa</subfield><subfield code="c">1996</subfield></datafield><datafield ind1=" " ind2=" " tag="300"><subfield code="a">89P</subfield></datafield><datafield ind1=" " ind2=" " tag="502"><subfield code="a">Conducator Stiintific: Dr. A. Glodeanu</subfield></datafield><datafield ind1=" " ind2=" " tag="852"><subfield code="a">80613</subfield><subfield code="c">577.3</subfield></datafield><datafield ind1=" " ind2=" " tag="CAT"><subfield code="a">Sys</subfield><subfield code="c">20110411</subfield><subfield code="h">155037</subfield></datafield></record></collection>